<record><leader>00000cas a22000007a 4500</leader><controlfield tag="001">21470083</controlfield><controlfield tag="008">900502c19739999mnumr ne      0    0eng d</controlfield><datafield ind1=" " ind2=" " tag="010"><subfield code="a">sn 90059630 </subfield></datafield><datafield ind1=" " ind2=" " tag="040"><subfield code="a">MN#</subfield><subfield code="b">eng</subfield><subfield code="c">MN#</subfield><subfield code="d">OCLCQ</subfield></datafield><datafield ind1=" " ind2=" " tag="042"><subfield code="a">msc</subfield></datafield><datafield ind1=" " ind2=" " tag="043"><subfield code="a">n-us-mn</subfield></datafield><datafield ind1=" " ind2=" " tag="052"><subfield code="a">4144</subfield><subfield code="b">S4</subfield></datafield><datafield ind1="0" ind2="0" tag="245"><subfield code="a">Saint Paul Public Schools staff reporter.</subfield></datafield><datafield ind1=" " ind2=" " tag="260"><subfield code="a">Saint Paul, Minn. :</subfield><subfield code="b">Saint Paul Public Schools Dept. of School Community Information,</subfield><subfield code="c">1973-</subfield></datafield><datafield ind1=" " ind2=" " tag="300"><subfield code="a">v.</subfield></datafield><datafield ind1=" " ind2=" " tag="310"><subfield code="a">Monthly</subfield></datafield><datafield ind1="0" ind2=" " tag="362"><subfield code="a">Vol. 26, no. 1 (Sept 14, 1973)-</subfield></datafield><datafield ind1=" " ind2=" " tag="515"><subfield code="a">Extra numbers called "Board meeting extras" published Jan.-Mar. 1974.</subfield></datafield><datafield ind1=" " ind2=" " tag="530"><subfield code="a">Available on microfilm from the Minnesota Historical Society.</subfield></datafield><datafield ind1=" " ind2=" " tag="752"><subfield code="a">United States</subfield><subfield code="b">Minnesota</subfield><subfield code="c">Ramsey</subfield><subfield code="d">Saint Paul.</subfield></datafield><datafield ind1="0" ind2="0" tag="780"><subfield code="t">Staff reporter</subfield><subfield code="w">(DLC)sn 90059629</subfield></datafield></record>